<record><leader>00000cas a22000007a 4500</leader><controlfield tag="001">11682119</controlfield><controlfield tag="008">850211d19811987gaucn ne      0   a0eng d</controlfield><datafield ind1=" " ind2=" " tag="010"><subfield code="a">sn 85000565 </subfield></datafield><datafield ind1=" " ind2=" " tag="040"><subfield code="a">NSD</subfield><subfield code="b">eng</subfield><subfield code="c">NSD</subfield><subfield code="d">NLG</subfield><subfield code="d">GUA</subfield><subfield code="d">OCLCQ</subfield><subfield code="d">OCLCF</subfield><subfield code="d">OCLCO</subfield></datafield><datafield ind1=" " ind2=" " tag="012"><subfield code="j">0</subfield><subfield code="k">1</subfield><subfield code="m">1</subfield></datafield><datafield ind1="1" ind2=" " tag="022"><subfield code="a">8750-6734</subfield><subfield code="l">8750-6734</subfield><subfield code="2">1</subfield></datafield><datafield ind1="1" ind2=" " tag="029"><subfield code="a">AU@</subfield><subfield code="b">000025966749</subfield></datafield><datafield ind1=" " ind2=" " tag="032"><subfield code="a">171140</subfield><subfield code="b">USPS</subfield></datafield><datafield ind1=" " ind2=" " tag="037"><subfield code="b">The Elberton Star - The Elberton Beacon, Inc., 10 Oliver St., Elberton, Ga. 30635</subfield></datafield><datafield ind1=" " ind2=" " tag="042"><subfield code="a">nsdp</subfield><subfield code="a">msc</subfield></datafield><datafield ind1=" " ind2=" " tag="043"><subfield code="a">n-us-ga</subfield></datafield><datafield ind1=" " ind2="4" tag="222"><subfield code="a">The Elberton star, the Elbert beacon</subfield></datafield><datafield ind1="0" ind2="4" tag="245"><subfield code="a">The Elberton star, the Elbert beacon.</subfield></datafield><datafield ind1="3" ind2="0" tag="246"><subfield code="a">Elberton star</subfield></datafield><datafield ind1="3" ind2="0" tag="246"><subfield code="a">Elbert beacon</subfield></datafield><datafield ind1=" " ind2=" " tag="260"><subfield code="a">Elberton, Ga. :</subfield><subfield code="b">Elberton Star, Inc.,</subfield><subfield code="c">[1981-1987]</subfield></datafield><datafield ind1=" " ind2=" " tag="300"><subfield code="a">v.</subfield></datafield><datafield ind1=" " ind2=" " tag="310"><subfield code="a">Semiweekly (except weekly during the weeks of Jan. 1, July 4, Thanksgiving &amp; Christmas)</subfield></datafield><datafield ind1="0" ind2=" " tag="362"><subfield code="a">Vol. 94, no. 33 (Apr. 23, 1981)-v. 100, no. 66 (Aug. 27, 1987).</subfield></datafield><datafield ind1=" " ind2=" " tag="530"><subfield code="a">Also on microfilm: Athens, Ga. : University of Georgia Libraries.</subfield></datafield><datafield ind1=" " ind2=" " tag="580"><subfield code="a">Formed by the union of: Elberton star, and: Elbert beacon.</subfield></datafield><datafield ind1=" " ind2="0" tag="651"><subfield code="a">Elberton (Ga.)</subfield><subfield code="v">Newspapers.</subfield></datafield><datafield ind1=" " ind2="0" tag="651"><subfield code="a">Elbert County (Ga.)</subfield><subfield code="v">Newspapers.</subfield></datafield><datafield ind1=" " ind2="7" tag="655"><subfield code="a">Newspapers.</subfield><subfield code="2">fast</subfield><subfield code="0">(OCoLC)fst01423814</subfield></datafield><datafield ind1=" " ind2="7" tag="651"><subfield code="a">Georgia</subfield><subfield code="z">Elbert County.</subfield><subfield code="2">fast</subfield><subfield code="0">(OCoLC)fst01206959</subfield></datafield><datafield ind1=" " ind2="7" tag="651"><subfield code="a">Georgia</subfield><subfield code="z">Elberton.</subfield><subfield code="2">fast</subfield><subfield code="0">(OCoLC)fst01227276</subfield></datafield><datafield ind1=" " ind2=" " tag="752"><subfield code="a">United States</subfield><subfield code="b">Georgia</subfield><subfield code="c">Elbert</subfield><subfield code="d">Elberton.</subfield></datafield><datafield ind1="1" ind2="4" tag="780"><subfield code="t">Elberton star</subfield><subfield code="w">(DLC)sn 89053936</subfield><subfield code="w">(OCoLC)21358104</subfield></datafield><datafield ind1="1" ind2="4" tag="780"><subfield code="t">Elbert beacon</subfield><subfield code="w">(DLC)sn 89053948</subfield><subfield code="w">(OCoLC)21345174</subfield></datafield><datafield ind1="0" ind2="0" tag="785"><subfield code="t">Elberton star (Elberton, Ga. : 1987)</subfield><subfield code="w">(DLC)sn 91099110</subfield><subfield code="w">(OCoLC)23242473</subfield></datafield><datafield ind1=" " ind2=" " tag="936"><subfield code="a">Jan. 2, 1985</subfield></datafield></record>